@article{BENZENE,
  title = {BENZENE: A Practical Root Cause Analysis System with an Under-Constrained State Mutation},
  author = {Park, Younggi and Lee, Hwiwon and Jung, Jinho and Koo, Hyungjoon and Kim, Huy Kang}
}
