% use `texdoc biblatex` to get help
@www{zjuthesisrules,
    title = {浙江大学本科生毕业论文（设计）编写规则},
    author = {浙江大学本科生院},
    year = {2018},
    url = {http://bksy.zju.edu.cn/attachments/2018-01/01-1517384518-1149149.pdf},
}
@www{tikz,
    title = {tikz宏包},
    author = {Till Tantau},
    year = {2018},
    url = {https://sourceforge.net/projects/pgf/},
}
@www{zjuthesis,
    title = {浙江大学毕业设计/论文模板},
    author = {王子轩},
    year = {2019},
    url = {https://github.com/TheNetAdmin/zjuthesis},
}
@www{zjugradthesisrules,
    title = {浙江大学研究生学位论文编写规则},
    author = {浙江大学研究生院},
    year = {2008},
    url = {http://grs.zju.edu.cn/redir.php?catalog_id=10038&object_id=12877},
}
@article{Enhancing2024,
  title = {Enhancing Static Analysis for Practical Bug Detection: An LLM-Integrated Approach},
  author = {Li, Haonan and Hao, Yu and Zhai, Yizhuo and Qian, Zhiyun},
  journal = {Proceedings of the ACM on Programming Languages (PACMPL), Issue OOPSLA},
  year = {2024}
}

@article{GPTScan2024,
  title = {GPTScan: Detecting Logic Vulnerabilities in Smart Contracts by Combining GPT with Program Analysis},
  author = {Sun, Yuqiang and Wu, Daoyuan and Xue, Yue and Liu, Han and Wang, Haijun and Xu, Zhengzi and Xie, Xiaofei and Liu, Yang},
  journal = {Proc. IEEE/ACM ICSE},
  year = {2024}
}

@inproceedings{IntScope2009,
  title = {IntScope: Automatically Detecting Integer Overflow Vulnerability in X86 Binary Using Symbolic Execution.},
  author = {Wang, Tielei and Wei, Tao and Lin, Zhiqiang and Zou, Wei},
  booktitle = {NDSS},
  year = {2009}
}

@inproceedings{Precise2023,
  title = {Precise Detection of Kernel Data Races with Probabilistic Lockset Analysis},
  author = {Ryan, Gabriel and Shah, Abhishek and She, Dongdong and Jana, Suman},
  publisher = {IEEE},
  booktitle = {2023 IEEE Symposium on Security and Privacy (SP)},
  year = {2023}
}

@inproceedings{Snowcat2023,
  title = {Snowcat: Efficient Kernel Concurrency Testing Using a Learned Coverage Predictor},
  author = {Gong, Sishuai and Peng, Dinglan and Alt{\i}nb{\"u}ken, Deniz and Fonseca, Pedro and Maniatis, Petros},
  publisher = {ACM},
  booktitle = {Proceedings of the 29th Symposium on Operating Systems Principles},
  year = {2023}
}

@misc{Understanding2023,
  title = {Understanding the Effectiveness of Large Language Models in Detecting Security Vulnerabilities},
  author = {Khare, Avishree and Dutta, Saikat and Li, Ziyang and {Solko-Breslin}, Alaia and Alur, Rajeev and Naik, Mayur},
  publisher = {arXiv},
  year = {2023}
}
